@BOOK{RWH,
	title = {Real World Haskell},
	publisher = {O'Reilly Media, Inc.},
	author = {Bryan O' Sullivan et al}
}
@misc{LYAH,
    author = {Miran Lipovaƒça},
    title = {Learn You A Haskell},
    publisher = {Online},
    howpublished = "\url{learnyouahaskell.com}"
}
@misc{SauravBPT,
    author = {Saurav Kumar},
    title = {B+ Tree Implementation in C++},
    publisher = {GitHub},
    journal = {GitHub Repository},    
    howpublished = "\url{github.com/2020saurav/contests}"
}
@misc{CDB,
    author = {Apache Software Foundation},
    title = {CouchDB},
    publisher = {Online},
    howpublished = "\url{guide.couchdb.org/draft/btree.html}"
}